@inproceedings{46301,
title = {Understanding the Mirai Botnet},
author  = {Manos Antonakakis and Tim April and Michael Bailey and Matt Bernhard and Elie Bursztein and Jaime Cochran and Zakir Durumeric and J. Alex Halderman and Luca Invernizzi and Michalis Kallitsis and Deepak Kumar and Chaz Lever and Zane Ma and Joshua Mason and Damian Menscher and Chad Seaman and Nick Sullivan and Kurt Thomas and Yi Zhou},
year  = 2017,
URL = {https://www.usenix.org/conference/usenixsecurity17/technical-sessions/presentation/antonakakis},
booktitle = {Proceedings of the 26th USENIX Security Symposium}
},

@online{Dyn,
  author = {Scott Hilton},
  title = {Dyn Analysis Summary Of Friday October 21 Attack},
  year = 2016,
  url = {https://dyn.com/blog/dyn-analysis-summary-of-friday-october-21-attack/},
  urldate = {2016-10-26}
}